@article{Gieseler2014,
	author = {Gieseler, Jan},
	file = {:home/ehebestreit/Papers/Gieseler\_2014\_Dynamics of optically levitated nanoparticles in high vacuum.pdf:pdf},
	journal = {PhD Thesis},
	mendeley-groups = {Theses,To Read},
	title = {{Dynamics of optically levitated nanoparticles in high vacuum}},
	year = {2014}
}

@misc{Gehrcke2009,
	author = {Gehrcke, Jan-Philip},
	title = {{Korrekt normierte FFT eines Zeitsignals $A(t)$ und analytische	Bildung des Spektrums $FFT(\mathrm{d} A(t)/\mathrm{d}t)$ (mittels Matlab)}},
	year = 2009,
	month = Mar,
	note = "\texttt{https://gehrcke.de/files/stud/090305\_gehrcke\_normierte\_FFT\_dtFFT\_matlab.pdf}",
}